@article{RunfolaAUSA,
    title = {{A growing concern? Examining the influence of lawn size on residential water use in suburban Boston, MA, USA}},
    journal = {Elsevier},
    author = {Runfola, DM and Polsky, C and Nicolson, C and {\ldots}, NM Giner - Landscape and Urban and 2013, undefined},
    url = {https://www.sciencedirect.com/science/article/pii/S0169204613001345}
}

@article{RunfolaAUSAb,
    title = {{A growing concern? Examining the influence of lawn size on residential water use in suburban Boston, MA, USA}},
    journal = {Elsevier},
    author = {Runfola, DM and Polsky, C and Nicolson, C and {\ldots}, NM Giner - Landscape and Urban and 2013, undefined},
    url = {https://www.sciencedirect.com/science/article/pii/S0169204613001345}
}

@article{Runfola2017ASequestration,
    title = {{A top-down approach to estimating spatially heterogeneous impacts of development aid on vegetative carbon sequestration}},
    year = {2017},
    journal = {Sustainability (Switzerland)},
    author = {Runfola, Daniel and Yishay, Ariel Ben and Tanner, Jeffery and Buchanan, Graeme and Nagol, Jyoteshwar and Leu, Matthias and Goodman, Seth and Trichler, Rachel and Marty, Robert},
    number = {3},
    volume = {9},
    publisher = {MDPI AG},
    doi = {10.3390/su9030409},
    issn = {20711050},
    keywords = {Carbon sequestration, Causal identification, Heterogeneous effects, Human-environment interactions, International aid}
}

@techreport{XieAggregatedNetworks,
    title = {{Aggregated Residual Transformations for Deep Neural Networks}},
    author = {Xie, Saining and Girshick, Ross and Doll{\'{a}}r, Piotr and Tu, Zhuowen and He, Kaiming and San Diego, Uc},
    url = {https://github.com/facebookresearch/ResNeXt}
}

@article{Griffin2011ApplicationTrees,
    title = {{Application of spectral and environmental variables to map the Kissimmee Prairie ecosystem using classification trees}},
    year = {2011},
    journal = {GIScience and Remote Sensing},
    author = {Griffin, Sean and Rogan, John and Runfola, Daniel},
    number = {3},
    month = {7},
    pages = {299--323},
    volume = {48},
    doi = {10.2747/1548-1603.48.3.299},
    issn = {15481603}
}

@article{GriffinApplicationTrees,
    title = {{Application of spectral and environmental variables to map the Kissimmee prairie ecosystem using classification trees}},
    journal = {Taylor {\&} Francis},
    author = {Griffin, S and Rogan, J and Sensing, DM Runfola - GIScience & Remote and 2011, undefined},
    url = {https://www.tandfonline.com/doi/abs/10.2747/1548-1603.48.3.299}
}

@article{Marty2019AssessingImprecision,
    title = {{Assessing the causal impact of Chinese aid on vegetative land cover in Burundi and Rwanda under conditions of spatial imprecision}},
    year = {2019},
    journal = {Development Engineering},
    author = {Marty, Robert and Goodman, Seth and LeFew, Michael and Dolan, Carrie and BenYishay, Ariel and Runfola, Daniel},
    month = {1},
    volume = {4},
    doi = {10.1016/j.deveng.2018.11.001},
    keywords = {Aid, Forest cover, Geoparsing, International development, Spatial imprecision}
}

@article{ClimateScale,
    title = {{Climate change: Track urban emissions on a human scale}},
    journal = {nature.com},
    url = {https://www.nature.com/articles/525179a}
}

@techreport{HeDeepRecognition,
    title = {{Deep Residual Learning for Image Recognition}},
    author = {He, Kaiming and Zhang, Xiangyu and Ren, Shaoqing and Sun, Jian},
    url = {http://image-net.org/challenges/LSVRC/2015/}
}

@article{Suresh2018DeepGeo:Network,
    title = {{DeepGeo: Photo Localization with Deep Neural Network}},
    year = {2018},
    author = {Suresh, Sudharshan and Chodosh, Nathaniel and Abello, Montiel},
    month = {10},
    url = {http://arxiv.org/abs/1810.03077},
    arxivId = {1810.03077}
}

@article{Bowler2012DoesWelfare,
    title = {{Does community forest management provide global environmental benefits and improve local welfare?}},
    year = {2012},
    journal = {Frontiers in Ecology and the Environment},
    author = {Bowler, Diana E and Buyung-Ali, Lisette M and Healey, John R and Jones, Julia PG and Knight, Teri M and Pullin, Andrew S},
    number = {1},
    month = {2},
    pages = {29--36},
    volume = {10},
    publisher = {John Wiley {\&} Sons, Ltd},
    url = {http://doi.wiley.com/10.1890/110040},
    doi = {10.1890/110040},
    issn = {1540-9295}
}

@article{Runfola2017EnvironmentalFor,
    title = {{Environmental Impact of World Bank Projects: a Case Study of Integrating Value for Money Analysis into Impact Evaluations. What Works? Value for}},
    year = {2017},
    author = {Runfola, DM and BenYishay, A and Buchanan, G}
}

@article{Naidoo2019EvaluatingWorld,
    title = {{Evaluating the impacts of protected areas on human well-being across the developing world}},
    year = {2019},
    journal = {Science Advances},
    author = {Naidoo, R. and Gerkey, D. and Hole, D. and Pfaff, A. and Ellis, A. M. and Golden, C. D. and Herrera, D. and Johnson, K. and Mulligan, M. and Ricketts, T. H. and Fisher, B.},
    number = {4},
    month = {4},
    pages = {eaav3006},
    volume = {5},
    publisher = {American Association for the Advancement of Science},
    doi = {10.1126/sciadv.aav3006},
    issn = {23752548}
}

@article{Carugi2016ExperiencesFacility,
    title = {{Experiences with systematic triangulation at the Global Environment Facility}},
    year = {2016},
    journal = {Evaluation and Program Planning},
    author = {Carugi, Carlo},
    month = {4},
    pages = {55--66},
    volume = {55},
    publisher = {Elsevier Ltd},
    doi = {10.1016/j.evalprogplan.2015.12.001},
    issn = {01497189},
    pmid = {26724715},
    keywords = {Country evaluation, Environmental evaluation, Evaluation findings, Mixed methods, Triangulation}
}

@article{Woodcock2008FreeImagery,
    title = {{Free Access to Landsat Imagery}},
    year = {2008},
    journal = {Science},
    author = {Woodcock, C. E. and Allen, R. and Anderson, M. and Belward, A. and Bindschadler, R. and Cohen, W. and Gao, F. and Goward, S. N. and Helder, D. and Helmer, E. and Nemani, R. and Oreopoulos, L. and Schott, J. and Thenkabail, P. S. and Vermote, E. F. and Vogelmann, J. and Wulder, M. A. and Wynne, R.},
    number = {5879},
    month = {5},
    pages = {1011a-1011a},
    volume = {320},
    publisher = {American Association for the Advancement of Science (AAAS)},
    doi = {10.1126/science.320.5879.1011a},
    issn = {0036-8075}
}

@article{Goodman2019GeoQuery:Tools,
    title = {{GeoQuery: Integrating HPC systems and public web-based geospatial data tools}},
    year = {2019},
    journal = {Computers and Geosciences},
    author = {Goodman, Seth and BenYishay, Ariel and Lv, Zhonghui and Runfola, Daniel},
    month = {1},
    pages = {103--112},
    volume = {122},
    publisher = {Elsevier Ltd},
    doi = {10.1016/j.cageo.2018.10.009},
    issn = {00983004},
    keywords = {Algorithms, Computational methods, Data processing, Geographical information science {\&} systems, Parallel and high-performance computing, Spatial statistics}
}

@article{Russakovsky2015ImageNetChallenge,
    title = {{ImageNet Large Scale Visual Recognition Challenge}},
    year = {2015},
    journal = {International Journal of Computer Vision},
    author = {Russakovsky, Olga and Deng, Jia and Su, Hao and Krause, Jonathan and Satheesh, Sanjeev and Ma, Sean and Huang, Zhiheng and Karpathy, Andrej and Khosla, Aditya and Bernstein, Michael and Berg, Alexander C. and Fei-Fei, Li},
    number = {3},
    month = {12},
    pages = {211--252},
    volume = {115},
    publisher = {Springer New York LLC},
    doi = {10.1007/s11263-015-0816-y},
    issn = {15731405},
    arxivId = {1409.0575},
    keywords = {Benchmark, Dataset, Large-scale, Object detection, Object recognition}
}


@article{BenYishayIndigenousAmazon,
    title = {{Indigenous land rights and deforestation: Evidence from the Brazilian Amazon}},
    journal = {Elsevier},
    author = {BenYishay, A and Heuser, S and Runfola, D and Environmental, R Trichler - Journal of and 2017, undefined},
    url = {https://www.sciencedirect.com/science/article/pii/S0095069617304813}
}

@article{BunteNaturalLiberia,
    title = {{Natural resource sector FDI, government policy, and economic growth: Quasi-experimental evidence from Liberia}},
    journal = {Elsevier},
    author = {Bunte, JB and Desai, H and Gbala, K and Parks, B and Development, DM Runfola - World and 2018, undefined},
    url = {https://www.sciencedirect.com/science/article/pii/S0305750X18300792}
}

@article{BunteNaturalLiberiab,
    title = {{Natural resource sector FDI, government policy, and economic growth: Quasi-experimental evidence from Liberia}},
    journal = {Elsevier},
    author = {Bunte, JB and Desai, H and Gbala, K and Parks, B and Development, DM Runfola - World and 2018, undefined},
    url = {https://www.sciencedirect.com/science/article/pii/S0305750X18300792}
}

@techreport{WeyandGooglePlaNet-PhotoNetworks,
    title = {{PlaNet-Photo Geolocation with Convolutional Neural Networks}},
    author = {Weyand Google, Tobias and Google, James Philbin},
    url = {https://code.google.com/p/s2-geometry-library/},
    arxivId = {1602.05314v1}
}

@techreport{Besa2019ProgramResults,
    title = {{Program For International Student Assessment (PISA): 2018 Results}},
    year = {2019},
    author = {Besa, Filippo},
    pages = {1--12},
    institution = {Organisation for Economic Cooperation and Development},
    address = {Paris, France},
    keywords = {DOCUMENT CODE}
}

@article{Ferraro2014QuantifyingInfrastructure,
    title = {{Quantifying causal mechanisms to determine how protected areas affect poverty through changes in ecosystem services and infrastructure}},
    year = {2014},
    journal = {Proceedings of the National Academy of Sciences of the United States of America},
    author = {Ferraro, Paul J. and Hanauer, Merlin M.},
    number = {11},
    month = {3},
    pages = {4332--4337},
    volume = {111},
    publisher = {National Academy of Sciences},
    doi = {10.1073/pnas.1307712111},
    issn = {10916490},
    keywords = {Impact evaluation, Matching, Mediator, Parks, Quasi-experimental}
}

@techreport{ZhaoQuantifyingProjects,
    title = {{Quantifying Heterogeneous Causal Treatment Effects in World Bank Development Finance Projects}},
    author = {Zhao, Jianing and Runfola, Daniel M and Kemper, Peter}
}

@techreport{ZhaoQuantifyingProjectsb,
    title = {{Quantifying Heterogeneous Causal Treatment Effects in World Bank Development Finance Projects}},
    author = {Zhao, Jianing and Runfola, Daniel M and Kemper, Peter}
}

@inproceedings{Zhao2017QuantifyingProjects,
    title = {{Quantifying Heterogeneous Causal Treatment Effects in World Bank Development Finance Projects}},
    year = {2017},
    booktitle = {Lecture Notes in Computer Science (including subseries Lecture Notes in Artificial Intelligence and Lecture Notes in Bioinformatics)},
    author = {Zhao, Jianing and Runfola, Daniel M. and Kemper, Peter},
    pages = {204--215},
    volume = {10536 LNAI},
    publisher = {Springer Verlag},
    isbn = {9783319712727},
    doi = {10.1007/978-3-319-71273-4{\_}17},
    issn = {16113349}
}

@article{Zhou2017QuantifyingDatabases,
    title = {{Quantifying Heterogeneous Causal Treatment Effects in World Bank Development Finance Projects Joint European Conference on Machine Learning and Knowledge Discovery in Databases}},
    year = {2017},
    author = {Zhou, J. and Runfola, Daniel M and Kemper, Peter},
    number = {1},
    doi = {10.1007/978-3-319-71273-417}
}

@article{Oldekop2019ReductionsNepal,
    title = {{Reductions in deforestation and poverty from decentralized forest management in Nepal}},
    year = {2019},
    journal = {Nature Sustainability},
    author = {Oldekop, Johan A. and Sims, Katharine R.E. and Karna, Birendra K. and Whittingham, Mark J. and Agrawal, Arun},
    number = {5},
    month = {5},
    pages = {421--428},
    volume = {2},
    publisher = {Nature Publishing Group},
    doi = {10.1038/s41893-019-0277-3},
    issn = {23989629},
    keywords = {Forestry, Sustainability}
}

@article{Dai2019SemisupervisedLearning,
    title = {{Semisupervised Scene Classification for Remote Sensing Images: A Method Based on Convolutional Neural Networks and Ensemble Learning}},
    year = {2019},
    journal = {IEEE Geoscience and Remote Sensing Letters},
    author = {Dai, Xueyuan and Wu, Xiaofeng and Wang, Bin and Zhang, Liming},
    number = {6},
    month = {6},
    pages = {869--873},
    volume = {16},
    publisher = {Institute of Electrical and Electronics Engineers Inc.},
    doi = {10.1109/LGRS.2018.2886534},
    issn = {15580571},
    keywords = {Convolutional neural networks (CNNs), Semi-supervised classification, ensemble learning (EL), remote sensing (RS) images, scene classification}
}

@inproceedings{Zhao2017SimulationEffects,
    title = {{Simulation study in quantifying heterogeneous causal effects}},
    year = {2017},
    booktitle = {Proceedings - Winter Simulation Conference},
    author = {Zhao, Jianing and Runfola, Daniel M. and Kemper, Peter},
    month = {6},
    pages = {2650--2661},
    publisher = {Institute of Electrical and Electronics Engineers Inc.},
    isbn = {9781538634288},
    doi = {10.1109/WSC.2017.8247991},
    issn = {08917736}
}

@techreport{MartyTakingMalawi,
    title = {{Taking the Aid Debate to the Sub-National Level: Impact and Allocation of Foreign Health Aid in Malawi}},
    author = {Marty, Robert},
    url = {https://scholarworks.wm.edu/honorstheses/94}
}

@article{Alix-Garcia2013TheProgram,
    title = {{The ecological footprint of poverty alleviation: Evidence from mexico's oportunidades program}},
    year = {2013},
    journal = {Review of Economics and Statistics},
    author = {Alix-Garcia, Jennifer and McIntosh, Craig and Sims, Katharine R.E. and Welch, Jarrod R.},
    number = {2},
    month = {5},
    pages = {417--435},
    volume = {95},
    publisher = { The MIT Press },
    doi = {10.1162/REST{\_}a{\_}00349},
    issn = {00346535}
}

@article{AlpizarTheRCTs,
    title = {{The environmental effects of poverty programs and the poverty effects of environmental programs: The missing RCTs}},
    journal = {Elsevier},
    author = {Alp{\'{i}}zar, F and Development, PJ Ferraro - World and 2020, undefined},
    url = {https://www.sciencedirect.com/science/article/pii/S0305750X19304322}
}

@book{2019TheReport,
    title = {{The Global Competitiveness Report}},
    year = {2019},
    editor = {Schwab, Klaus},
    publisher = {World Economic Forum},
    address = {Geneva, Switzerland}
}

@misc{Alpizar2019TheProject,
    title = {{The impacts of a capacity-building workshop in a randomized adaptation project}},
    year = {2019},
    booktitle = {Nature Climate Change},
    author = {Alp{\'{i}}zar, Francisco and Bernedo Del Carpio, María and Ferraro, Paul J. and Meiselman, Ben S.},
    number = {8},
    month = {8},
    pages = {587--591},
    volume = {9},
    publisher = {Nature Publishing Group},
    doi = {10.1038/s41558-019-0536-3},
    issn = {17586798},
    keywords = {Climate change, Governance}
}

@techreport{Buchanan2016TheImportance,
    title = {{The Impacts of World Bank Development Projects on Sites of High Biodiversity Importance}},
    year = {2016},
    author = {Buchanan, Graeme M and Parks, Bradley C and Donald, Paul F and O'donnell, Brian F and Runfola, Daniel and Swaddle, John P and Tracewski, Lukasz and Butchart, Stuart H M},
    url = {www.aiddata.org},
    keywords = {Aid, IBA, Important Bird and Biodiversity Area, biodiversity, development finance, forest loss, land cover change, matching, sustainable development}
}

@article{Buchanan2018TheSignificance,
    title = {{The Local Impacts of World Bank Development Projects Near Sites of Conservation Significance}},
    year = {2018},
    journal = {Journal of Environment {\&} Development},
    author = {Buchanan, Graeme M and Parks, Bradley C and Donald, Paul F and O'donnell, Brian F and Runfola, Daniel and Swaddle, John P and Tracewski, Lukasz and Butchart, Stuart H M},
    number = {3},
    pages = {299--322},
    volume = {27},
    doi = {10.1177/1070496518785943}
}

@article{Ju2018TheClassification,
    title = {{The relative performance of ensemble methods with deep convolutional neural networks for image classification}},
    year = {2018},
    journal = {Journal of Applied Statistics},
    author = {Ju, Cheng and Bibaut, Aurélien and van der Laan, Mark},
    number = {15},
    month = {11},
    pages = {2800--2818},
    volume = {45},
    publisher = {Taylor and Francis Ltd.},
    doi = {10.1080/02664763.2018.1441383},
    issn = {13600532},
    arxivId = {1704.01664},
    keywords = {Ensemble learning, convolutional neural network, super learner}
}

@article{McKinnon2016WhatCountries,
    title = {{What are the effects of nature conservation on human well-being? A systematic map of empirical evidence from developing countries}},
    year = {2016},
    journal = {Environmental Evidence},
    author = {McKinnon, Madeleine C. and Cheng, Samantha H. and Dupre, Samuel and Edmond, Janet and Garside, Ruth and Glew, Louise and Holland, Margaret B. and Levine, Eliot and Masuda, Yuta J. and Miller, Daniel C. and Oliveira, Isabella and Revenaz, Justine and Roe, Dilys and Shamer, Sierra and Wilkie, David and Wongbusarakum, Supin and Woodhouse, Emily},
    number = {1},
    month = {12},
    pages = {8},
    volume = {5},
    publisher = {BioMed Central Ltd.},
    url = {https://environmentalevidencejournal.biomedcentral.com/articles/10.1186/s13750-016-0058-7},
    doi = {10.1186/s13750-016-0058-7},
    issn = {2047-2382},
    keywords = {Biodiversity conservation, Human development, Human welfare, Natural resource management, Poverty, Sustainability}
}

@article{Corrado2012WhereEconometrics,
    title = {{Where is the economics in spatial econometrics?}},
    year = {2012},
    journal = {Journal of Regional Science},
    author = {Corrado, Luisa and Fingleton, Bernard},
    number = {2},
    month = {5},
    pages = {210--239},
    volume = {52},
    doi = {10.1111/j.1467-9787.2011.00726.x},
    issn = {00224146}
}

@techreport{2019WorldWork,
    title = {{World Development Report, 2019: The Changing Nature of Work}},
    year = {2019},
    institution = {World Bank Group},
    address = {Washington, DC}
}