@unpublished{gefb,
    title = {{2017 IEO Brief: Land Degradation Focal Area Study}},
    year = {2017},
    author = {{GEF-IEO}},
    url = {http://www.gefieo.org/sites/default/files/ieo/signposts/files/land-degradation-2017-brief.pdf}
}

@article{Helmer2007,
    title = {{A comparison of radiometric normalization methods when filling cloud gaps in Landsat imagery}},
    year = {2007},
    journal = {Canadian Journal of Remote Sensing},
    author = {Helmer, E H and Ruefenacht, B},
    number = {4},
    pages = {325--340},
    volume = {33},
    publisher = {Taylor {\&} Francis},
    url = {https://doi.org/10.5589/m07-028},
    doi = {10.5589/m07-028}
}

@article{Robinson2017ADL,
    title = {{A Deep Learning Approach for Population Estimation from Satellite Imagery}},
    year = {2017},
    journal = {CoRR},
    author = {Robinson, Caleb and Hohman, Fred and Dilkina, Bistra N},
    volume = {abs/1708.0}
}

@article{Albelwi2017,
    title = {{A Framework for Designing the Architectures of Deep Convolutional Neural Networks}},
    year = {2017},
    journal = {Entropy},
    author = {Albelwi, Saleh and Mahmood, Ausif},
    number = {6},
    volume = {19},
    url = {http://www.mdpi.com/1099-4300/19/6/242},
    doi = {10.3390/e19060242},
    issn = {1099-4300}
}

@article{doi:10.1029/96JB00104,
    title = {{A global, self‐consistent, hierarchical, high‐resolution shoreline database}},
    year = {1996},
    journal = {Journal of Geophysical Research: Solid Earth},
    author = {Wessel, Pål and Smith, Walter H F},
    number = {B4},
    pages = {8741--8743},
    volume = {101},
    url = {https://agupubs.onlinelibrary.wiley.com/doi/abs/10.1029/96JB00104},
    doi = {10.1029/96JB00104}
}

@misc{lsmsguide,
    title = {{A guide to living standards measurement study surveys and their data sets (English). Living standards measurement study (LSMS) working paper no. LSM 120}},
    year = {1995},
    author = {Grosh, Margaret E and Glewwe, Paul},
    url = {http://documents.worldbank.org/curated/en/270551468764720584/A-guide-to-living-standards-measurement-study-surveys-and-their-data-sets},
    address = {Washington, D.C. : The World Bank}
}

@article{openshaw_maup2,
    title = {{A million or so correlation coefficients: three experiments on the modifiable areal unit problem}},
    year = {1979},
    journal = {Spatistica applications in the spatial sciences},
    author = {Openshaw, S},
    pages = {127--144},
    publisher = {Pion},
    url = {https://ci.nii.ac.jp/naid/10009667572/en/}
}

@article{Zhu2012,
    title = {{A new geostatistical approach for filling gaps in Landsat ETM+ SLC-off images}},
    year = {2012},
    journal = {Remote Sensing of Environment},
    author = {Zhu, Xiaolin and Liu, Desheng and Chen, Jin},
    pages = {49--60},
    volume = {124},
    url = {http://www.sciencedirect.com/science/article/pii/S0034425712001952},
    doi = {https://doi.org/10.1016/j.rse.2012.04.019},
    issn = {0034-4257},
    keywords = {Gap filling, Geostatistical, Kriging, Landsat ETM+, SLC-off}
}

@misc{wp44,
    title = {{A Primer on Geospatial Impact Evaluation Methods, Tools, and Applications}},
    year = {2017},
    booktitle = {AidData Working Paper Series},
    author = {BenYishay, Ariel and Runfola, Daniel and Trichler, Rachel and Dolan, Carrie and Goodman, Seth and Parks, Bradley and Tanner, Jeffery and Heuser, Silke and Batra, Geeta and Anand, Anupam and D., Runfola and Trichler, Rachel and Dolan, Carrie and Goodman, Seth and Parks, Bradley and J., Tanner and Heuser, Silke and Batra, Geeta and and Anand, A},
    url = {https://www.aiddata.org/publications/a-primer-on-geospatial-impact-evaluation-methods-tools-and-applications http://docs.aiddata.org/ad4/pdfs/wps44_a_primer_on_geospatial_impact_evaluation_methods_tools_and_applications.pdf}
}

@article{Chen2011,
    title = {{A simple and effective method for filling gaps in Landsat ETM+ SLC-off images}},
    year = {2011},
    journal = {Remote Sensing of Environment},
    author = {Chen, Jin and Zhu, Xiaolin and Vogelmann, James E and Gao, Feng and Jin, Suming},
    number = {4},
    pages = {1053--1064},
    volume = {115},
    url = {http://www.sciencedirect.com/science/article/pii/S0034425710003482},
    doi = {https://doi.org/10.1016/j.rse.2010.12.010},
    issn = {0034-4257},
    keywords = {Gap filling, Landsat ETM+, SLC-off}
}

@unpublished{wp8,
    title = {{A Spatial Analysis of the Effects of Foreign Aid in Conflict Areas}},
    year = {2015},
    author = {van Weezel, Stijn},
    url = {http://docs.aiddata.org/ad4/files/wps8_a_spatial_analysis_of_the_effect_of_foreign_aid_in_conflict_areas.pdf}
}

@article{Munson:2012:SIT:2207243.2207253,
    title = {{A Study on the Importance of and Time Spent on Different Modeling Steps}},
    year = {2012},
    journal = {SIGKDD Explor. Newsl.},
    author = {Munson, M Arthur},
    number = {2},
    month = {5},
    pages = {65--71},
    volume = {13},
    publisher = {ACM},
    url = {http://doi.acm.org/10.1145/2207243.2207253},
    address = {New York, NY, USA},
    doi = {10.1145/2207243.2207253},
    issn = {1931-0145}
}

@article{Weiss2016ASO,
    title = {{A survey of transfer learning}},
    year = {2016},
    journal = {Journal of Big Data},
    author = {Weiss, Karl R and Khoshgoftaar, Taghi M and Wang, Dingding},
    pages = {1--40},
    volume = {3}
}

@article{Pan2010ASO,
    title = {{A Survey on Transfer Learning}},
    year = {2010},
    journal = {IEEE Transactions on Knowledge and Data Engineering},
    author = {Pan, Sinno Jialin and Yang, Qiang},
    pages = {1345--1359},
    volume = {22}
}

@article{Runfola2017wb,
    title = {{A Top-Down Approach to Estimating Spatially Heterogeneous Impacts of Development Aid on Vegetative Carbon Sequestration}},
    year = {2017},
    journal = {Sustainability},
    author = {Runfola, Daniel and BenYishay, Ariel and Tanner, Jeffery and Buchanan, Graeme and Nagol, Jyoteshwar and Leu, Matthias and Goodman, Seth and Trichler, Rachel and Marty, Robert},
    number = {3},
    volume = {9},
    url = {http://www.mdpi.com/2071-1050/9/3/409},
    doi = {10.3390/su9030409},
    issn = {2071-1050}
}

@article{lujala_drug,
    title = {{Accounting for Scale: Measuring Geography in Quantitative Studies of Civil War}},
    year = {2005},
    journal = {Political Geography},
    author = {Buhaug, Halvard and Lujala, Päivi},
    pages = {399--418},
    volume = {24}
}

@misc{acled_dashboard,
    title = {{ACLED Data Dashboard}},
    year = {2019},
    author = {{ACLED}},
    url = {https://www.acleddata.com/dashboard/#566}
}

@unpublished{odi_aid,
    title = {{Aid allocation within countries: Does it go to areas left behind?}},
    year = {2017},
    author = {{ODI}},
    url = {https://www.odi.org/sites/odi.org.uk/files/resource-documents/11658.pdf}
}

@unpublished{wp9,
    title = {{Aid and Growth at the Regional Level}},
    year = {2015},
    author = {Dreher, Axel and Lohmann, Steffen},
    url = {http://docs.aiddata.org/ad4/files/wps9_aid_and_growth_at_the_regional_level.pdf}
}

@article{Yang2003landsat,
    title = {{An approach for mapping large-area impervious surfaces: synergistic use of Landsat-7 ETM+ and high spatial resolution imagery}},
    year = {2003},
    journal = {Canadian Journal of Remote Sensing},
    author = {Yang, Limin and Huang, Chengquan and Homer, Collin G and Wylie, Bruce K and Coan, Michael J},
    number = {2},
    pages = {230--240},
    volume = {29},
    publisher = {Taylor {\&} Francis},
    url = {https://doi.org/10.5589/m02-098},
    doi = {10.5589/m02-098}
}

@article{Lee2016,
    title = {{An Effective Gap Filtering Method for Landsat ETM+ SLC-Off Data}},
    year = {2016},
    journal = {Terrestrial, Atmospheric and Oceanic sciences journal},
    author = {Lee, Seulki and Cho, Minji and Lee, Changwook},
    number = {6},
    pages = {921--932},
    volume = {27},
    url = {http://tao.cgu.org.tw/index.php/articles/archive/atmospheric-science/item/1480-2016071802a},
    doi = {10.3319/TAO.2016.07.18.02}
}

@misc{appeears,
    title = {{AppEEARS}},
    year = {2018},
    author = {DAAC, NASA L P},
    url = {https://lpdaac.usgs.gov/tools/data_access/appeears}
}

@misc{linuxjournal,
    title = {{Archiving and Compression}},
    year = {2006},
    author = {Granneman, Scott},
    url = {https://www.linuxjournal.com/article/9370},
    institution = {Linux Journal}
}

@article{Saatchi9899,
    title = {{Benchmark map of forest carbon stocks in tropical regions across three continents}},
    year = {2011},
    journal = {Proceedings of the National Academy of Sciences},
    author = {Saatchi, Sassan S and Harris, Nancy L and Brown, Sandra and Lefsky, Michael and Mitchard, Edward T A and Salas, William and Zutta, Brian R and Buermann, Wolfgang and Lewis, Simon L and Hagen, Stephen and Petrova, Silvia and White, Lee and Silman, Miles and Morel, Alexandra},
    number = {24},
    pages = {9899--9904},
    volume = {108},
    publisher = {National Academy of Sciences},
    url = {http://www.pnas.org/content/108/24/9899},
    doi = {10.1073/pnas.1019576108},
    issn = {0027-8424}
}

@techreport{jerven_survey_costs,
    title = {{Benefits and Costs of the Data for Development Targets for the Post-2015 Development Agenda}},
    year = {2014},
    author = {Jerven, Morten},
    institution = {Copenhagen Consensus Center}
}

@article{balestri_gold,
    title = {{Blood diamonds, dirty gold and spatial spill-overs: Measuring conflict dynamics in Western Africa}},
    year = {2014},
    journal = {Peace Economics, Peace science and Public Policy},
    author = {Sara, Balestri and Maggioni, Mario A},
    number = {4},
    pages = {551--564},
    volume = {20}
}

@misc{Bundervoet2015,
    title = {{Bright Lights, Big Cities : Measuring National and Subnational Economic Growth in Africa from Outer Space, with an Application to Kenya and Rwanda}},
    year = {2015},
    author = {Bundervoet Tom; Maiyo, Laban; Sanghi Apurva},
    url = {https://openknowledge.worldbank.org/handle/10986/22883},
    institution = {World Bank}
}

@inproceedings{Head,
    title = {{Can Human Development Be Measured with Satellite Imagery?}},
    year = {2017},
    booktitle = {Proceedings of the Ninth International Conference on Information and Communication Technologies and Development},
    author = {Head, Andrew and Manguin, Mélanie and Tran, Nhat and Blumenstock, Joshua E},
    pages = {8:1--8:11},
    series = {ICTD '17},
    publisher = {ACM},
    url = {http://doi.acm.org/10.1145/3136560.3136576},
    isbn = {978-1-4503-5277-2},
    doi = {10.1145/3136560.3136576},
    keywords = {Convolutional Neural Networks, Deep Learning, Development, Poverty, Satellite Imagery, Transfer Learning}
}

@article{koo2016cell5m,
    title = {{CELL5M: A geospatial database of agricultural indicators for Africa South of the Sahara}},
    year = {2016},
    journal = {F1000Research},
    author = {Koo, Jawoo and Cox, Cindy M and Bacou, Melanie and Azzarri, Carlo and Guo, Zhe and Wood-Sichra, Ulrike and Gong, Queenie and You, Liangzhi},
    volume = {5},
    publisher = {Faculty of 1000 Ltd}
}

@misc{cfr_conflict_tracker,
    title = {{CFR Nigeria Security Tracker}},
    year = {2019},
    author = {{CFR}},
    url = {https://www.cfr.org/nigeria/nigeria-security-tracker/p29483}
}

@article{terrapop2016,
    title = {{Climate, migration, and the local food security context: Introducing Terra Populus}},
    year = {2016},
    journal = {Population and Environment},
    author = {Nawrotzki, Raphael J and Schlak, Allison M and Kugler, Tracy A},
    number = {2},
    pages = {164--184},
    volume = {38},
    doi = {10.1007/s11111-016-0260-0}
}

@article{Helmer2005,
    title = {{Cloud-Free Satellite Image Mosaics with Regression Trees and Histogram Matching}},
    year = {2005},
    journal = {Photogrammetric Engineering {\&} Remote Sensing},
    author = {Helmer, E H and Ruefenacht, B},
    number = {9},
    pages = {1079--1089},
    volume = {71},
    url = {https://www.fs.usda.gov/treesearch/pubs/30086}
}

@article{Razavian2014CNNFO,
    title = {{CNN Features Off-the-Shelf: An Astounding Baseline for Recognition}},
    year = {2014},
    journal = {2014 IEEE Conference on Computer Vision and Pattern Recognition Workshops},
    author = {Razavian, Ali Sharif and Azizpour, Hossein and Sullivan, Josephine and Carlsson, Stefan},
    pages = {512--519}
}

@article{Demirkesen2007,
    title = {{Coastal Flood Risk Analysis Using Landsat-7 ETM+ Imagery and SRTM DEM: A Case Study of Izmir, Turkey}},
    year = {2007},
    journal = {Environmental Monitoring and Assessment},
    author = {Demirkesen, A C and Evrendilek, F and Berberoglu, S and Kilic, S},
    number = {1},
    month = {8},
    pages = {293--300},
    volume = {131},
    url = {https://doi.org/10.1007/s10661-006-9476-2},
    doi = {10.1007/s10661-006-9476-2},
    issn = {1573-2959}
}

@misc{runfola_COLL200,
    title = {{COLL 200 - Data Driven Decisionmaking}},
    year = {2017},
    author = {Runfola, Dan},
    url = {https://github.com/itpir/COLL_200_DataDrivenDecisions}
}

@article{axinn2012collecting,
    title = {{Collecting survey data during armed conflict}},
    year = {2012},
    journal = {Journal of official statistics},
    author = {Axinn, William G and Ghimire, Dirgha and Williams, Nathalie E},
    number = {2},
    pages = {153},
    volume = {28},
    publisher = {NIH Public Access}
}

@article{Jean790,
    title = {{Combining satellite imagery and machine learning to predict poverty}},
    year = {2016},
    journal = {Science},
    author = {Jean, Neal and Burke, Marshall and Xie, Michael and Davis, W Matthew and Lobell, David B and Ermon, Stefano},
    number = {6301},
    pages = {790--794},
    volume = {353},
    publisher = {American Association for the Advancement of Science},
    url = {http://science.sciencemag.org/content/353/6301/790},
    doi = {10.1126/science.aaf7894},
    issn = {0036-8075}
}

@article{lujala_diamond,
    title = {{Conflict Diamonds: A New Dataset}},
    year = {2005},
    journal = {Conflict Management and Peace Science},
    author = {Gilmore, Elisabeth and Gleditsch, Nils Petter and Lujala, Päivi and R{\o}d, Jan Ketil},
    number = {3},
    pages = {257--292},
    volume = {22}
}

@techreport{nigeria_conflict_review,
    title = {{Conflict, instability and resilience in Nigeria. Rapid Literature Review}},
    year = {2018},
    author = {{Si{\^{a}}n Herbert and Sa’eed Husaini}},
    url = {https://gsdrc.org/publications/conflict-instability-and-resilience-in-nigeria/},
    institution = {University of Birmingham},
    address = {Birmingham}
}

@misc{costing_a_data_revolution,
    title = {{Costing a Data Revolution}},
    year = {2014},
    author = {Demombynes, Gabriel and Sandefur, Justin},
    url = {https://www.cgdev.org/publication/costing-data-revolution},
    institution = {Center For Global Development}
}

@article{Miller2015,
    title = {{Data-driven geography}},
    year = {2015},
    journal = {GeoJournal},
    author = {Miller, Harvey J and Goodchild, Michael F},
    number = {4},
    month = {8},
    pages = {449--461},
    volume = {80},
    url = {https://doi.org/10.1007/s10708-014-9602-6},
    doi = {10.1007/s10708-014-9602-6}
}

@article{lujala_gem,
    title = {{Deadly Combat over Natural Resources: Gems, Petroleum, Drugs, and the Severity of Armed Civil Conflict}},
    year = {2009},
    journal = {Journal of Conflict Resolution},
    author = {Lujala, Päivi},
    number = {1},
    pages = {50--71},
    volume = {51}
}

@article{hoo2016deep,
    title = {{Deep convolutional neural networks for computer-aided detection: CNN architectures, dataset characteristics and transfer learning}},
    year = {2016},
    journal = {IEEE transactions on medical imaging},
    author = {Hoo-Chang, Shin and Roth, Holger R and Gao, Mingchen and Lu, Le and Xu, Ziyue and Nogues, Isabella and Yao, Jianhua and Mollura, Daniel and Summers, Ronald M},
    number = {5},
    pages = {1285},
    volume = {35},
    publisher = {NIH Public Access}
}

@inproceedings{crop_yield_cnn,
    title = {{Deep gaussian process for crop yield prediction based on remote sensing data}},
    year = {2017},
    booktitle = {Thirty-First AAAI Conference on Artificial Intelligence},
    author = {You, J and Li, X and Low, M and Lobell, D and Ermon, S},
    pages = {4559--4565},
    url = {https://www.aaai.org/ocs/index.php/AAAI/AAAI17/paper/viewPaper/14435}
}

@article{He2016DeepRL,
    title = {{Deep Residual Learning for Image Recognition}},
    year = {2016},
    journal = {2016 IEEE Conference on Computer Vision and Pattern Recognition (CVPR)},
    author = {He, Kaiming and Zhang, Xiangyu and Ren, Shaoqing and Sun, Jian},
    pages = {770--778}
}

@inproceedings{Basu2015DeepSatA,
    title = {{DeepSat - A Learning framework for Satellite Imagery}},
    year = {2015},
    booktitle = {SIGSPATIAL/GIS},
    author = {Basu, Saikat and Ganguly, Sangram and Mukhopadhyay, Supratik and DiBiano, Robert and Karki, Manohar and Nemani, Ramakrishna R}
}

@misc{digitalglobe,
    title = {{DigitalGlobe}},
    year = {2018},
    author = {{DigitalGlobe}},
    url = {https://www.digitalglobe.com/}
}

@misc{dmsp,
    title = {{DMSP-OLS Nighttime Lights}},
    year = {2017},
    author = {{NOAA Earth Observation Group}},
    url = {https://ngdc.noaa.gov/eog/dmsp/downloadV4composites.html}
}

@unpublished{wp13,
    title = {{Does Foreign Aid Target the Poorest?}},
    year = {2015},
    author = {Briggs, Ryan C},
    url = {http://docs.aiddata.org/ad4/files/wps13_does_aid_target_the_poorest.pdf}
}

@article{nigeria_drought_conflict,
    title = {{Drought worsens deadly battle between Fulani herdsmen and farmers in Nigeria}},
    year = {2017},
    journal = {The Guardian},
    author = {Akinwotu, Emmanuel},
    url = {https://www.theguardian.com/global-development/2017/jan/03/drought-worsens-deadly-conflict-between-fulani-herdsmen-nigeria-farmers}
}

@article{ryoko_conflict,
    title = {{Effect of armed conflict on vaccination: Evidence from the Boko haram insurgency in northeastern Nigeria}},
    year = {2019},
    journal = {Conflict and Health},
    author = {Sato, Ryoko},
    number = {1},
    month = {10},
    volume = {13},
    publisher = {BioMed Central Ltd.},
    doi = {10.1186/s13031-019-0235-8},
    issn = {17521505},
    keywords = {Boko haram, Conflict, Event study, Vaccination}
}

@article{hunter2014,
    title = {{Enhancing engagement between the population, environment, and climate research communities: the shared socio-economic pathway process}},
    year = {2014},
    journal = {Population and Environment},
    author = {Hunter, Lori M and O’Neill, Brian C},
    number = {3},
    pages = {231--242},
    volume = {35},
    doi = {10.1007/s11111-014-0202-7}
}

@misc{wbvfm,
    title = {{Environmental Impact of World Bank Projects: A Case Study of Integrating Value for Money Analysis into Impact Evaluations. What Works? Value for Money in Impact Evaluations}},
    year = {2017},
    author = {Runfola D.M., BenYishay A Buchanan G Nagol J Tanner J}
}

@misc{esafire,
    title = {{ESA Burned Areas}},
    year = {2017},
    author = {{ESA}},
    url = {https://geogra.uah.es/fire_cci/smalldata.php}
}

@misc{esaland,
    title = {{ESA Land Cover}},
    year = {2017},
    author = {{ESA}},
    url = {http://maps.elie.ucl.ac.be/CCI/viewer/index.php}
}

@misc{traveltime2000,
    title = {{Estimated travel time to the nearest city of 50,000 or more people in year 2000}},
    year = {2008},
    author = {Nelson, A},
    publisher = {Global Environment Monitoring Unit - Joint Research Centre of the European Commission},
    url = {http://forobs.jrc.ec.europa.eu/products/gam/},
    address = {Ispra, Italy}
}

@unpublished{aiddata,
    title = {{Evaluation Report: Geospatial Impact Evaluation of the Demarcation of Indian Territories Project (PPTAL) on Conflict and Deforestation}},
    year = {2017},
    author = {{AidData} and {KFW}}
}

@article{lujala_petro,
    title = {{Fighting over Oil: Introducing A New Dataset}},
    year = {2007},
    journal = {Conflict Management and Peace Science},
    author = {Lujala, Päivi and R{\o}d, Jan Ketil and Thieme, Nadia},
    number = {3},
    pages = {239--256},
    volume = {24}
}

@article{Maxwell2004,
    title = {{Filling Landsat ETM+ SLC-off gaps using a segmentation model approach}},
    year = {2004},
    journal = {Photogrammetric Engineering and Remote Sensing},
    author = {Maxwell, Susan},
    number = {10},
    pages = {1109--1112},
    volume = {70},
    publisher = {[Falls Church, Va.] American Society of Photogrammetry.},
    url = {http://www.ecognition.com/document/filling-landsat-etm-slc-gaps-using-segmentation-model-approach}
}

@misc{gadm,
    title = {{GADM database of Global Administrative Areas - Version 2.8}},
    year = {2015},
    author = {Hijmans, Robert},
    url = {http://gadm.org/}
}

@article{Zhang2007,
    title = {{Gaps‐fill of SLC‐off Landsat ETM+ satellite image using a geostatistical approach}},
    year = {2007},
    journal = {International Journal of Remote Sensing},
    author = {Zhang, C and Li, W and Travis, D},
    number = {22},
    pages = {5103--5122},
    volume = {28},
    publisher = {Taylor {\&} Francis},
    url = {https://doi.org/10.1080/01431160701250416},
    doi = {10.1080/01431160701250416}
}

@article{gdelt,
    title = {{Gdelt: Global data on events, location, and tone, 1979–2012}},
    year = {2013},
    journal = {ISA Annual Convention},
    author = {Leetaru, K and Schrodt, P A},
    number = {4},
    volume = {2}
}

@misc{geoafrobarometer,
    title = {{Geocoding Afrobarometer Rounds 1 - 6: Methodology {\&} Data Quality}},
    year = {2017},
    author = {BenYishay, A and Rotberg, R and Wells, J and Lv, Z and Goodman, S and Kovacevic, L and Runfola, D},
    url = {http://aiddata.org/data/geocoded-afrobarometer-data-v1}
}

@misc{burgert2013geographic,
    title = {{Geographic displacement procedure and georeferenced data release policy for the Demographic and Health Surveys}},
    year = {2013},
    author = {Burgert, Clara R and Colston, Josh and Roy, Thea and Zachary, Blake},
    publisher = {Calverton Maryland ICF International MEASURE DHS 2013 Sep.}
}

@misc{geonames,
    title = {{GeoNames}},
    year = {2016},
    author = {{GeoNames}},
    url = {http://geonames.org/}
}

@misc{geoboundaries,
    title = {{GeoQuery User's Guide - Chapter 3: GeoBoundaries – a Global, Redistributable Map of Administrative Zones.}},
    year = {2018},
    author = {Seitz, L and Lv, Z and Goodman, S and Runfola, D},
    publisher = {AidData, William and Mary, Williamsburg, VA},
    url = {http://www.geoboundaries.org}
}

@article{goodman2019,
    title = {{GeoQuery: Integrating HPC systems and public web-based geospatial data tools}},
    year = {2019},
    journal = {Computers {\&} Geosciences},
    author = {Goodman, Seth and BenYishay, Ariel and Lv, Zhonghui and Runfola, Daniel},
    pages = {103--112},
    volume = {122},
    url = {http://www.sciencedirect.com/science/article/pii/S0098300418305326},
    doi = {https://doi.org/10.1016/j.cageo.2018.10.009},
    issn = {0098-3004}
}

@unpublished{wp38,
    title = {{geoSIMEX: A Generalized Approach To Modeling Spatial Imprecision}},
    year = {2017},
    author = {Runfola, Daniel and Marty, Robert and Goodman, Seth and Lefew, Michael and BenYishay, Ariel},
    url = {http://docs.aiddata.org/ad4/pdfs/wps38_geosimex.pdf}
}

@unpublished{eba_geoaid,
    title = {{Geospatial analysis of aid: A new approach to aid evaluation}},
    year = {2017},
    author = {Isaksson, Ann-Sofie},
    url = {http://eba.se/wp-content/uploads/2017/10/Geospatial-Isaksson-webb.pdf}
}

@misc{glcflandsat,
    title = {{GLCF Landcover Download}},
    year = {2017},
    author = {{GLCF}},
    url = {http://glcf.umd.edu/data/landsat/}
}

@misc{gaul,
    title = {{Global Administrative Unit Layers (GAUL)}},
    year = {2015},
    author = {{FAO-UN}},
    url = {http://www.fao.org/geonetwork/srv/en/metadata.show?id=12691}
}

@misc{groadsv1,
    title = {{Global Roads Open Access Data Set, Version 1 (gROADSv1)}},
    year = {2013},
    author = {{CIESIN} and {ITOS}},
    publisher = {NASA Socioeconomic Data and Applications Center (SEDAC)},
    url = {http://dx.doi.org/10.7927/H4VD6WCT},
    address = {Palisades, NY}
}

@article{Szegedy2015GoingDW,
    title = {{Going deeper with convolutions}},
    year = {2015},
    journal = {2015 IEEE Conference on Computer Vision and Pattern Recognition (CVPR)},
    author = {Szegedy, Christian and Liu, Wei and Jia, Yangqing and Sermanet, Pierre and Reed, Scott E and Anguelov, Dragomir and Erhan, Dumitru and Vanhoucke, Vincent and Rabinovich, Andrew},
    pages = {1--9}
}

@article{lecun1998gradient,
    title = {{Gradient-based learning applied to document recognition}},
    year = {1998},
    journal = {Proceedings of the IEEE},
    author = {LeCun, Yann and Bottou, Léon and Bengio, Yoshua and Haffner, Patrick},
    number = {11},
    pages = {2278--2324},
    volume = {86},
    publisher = {IEEE}
}

@misc{gpwv3count,
    title = {{Gridded Population of the World, Version 3 (GPWv3): Population Count Grid}},
    year = {2015},
    author = {{CIESIN} and FAO, U N and {CIAT}},
    publisher = {NASA Socioeconomic Data and Applications Center (SEDAC)},
    url = {http://dx.doi.org/10.7927/H4639MPP},
    address = {Palisades, NY}
}

@misc{gpwv4count,
    title = {{Gridded Population of the World, Version 4 (GPWv4): Population Count, Revision 10}},
    year = {2017},
    author = {{CIESIN}},
    publisher = {NASA Socioeconomic Data and Applications Center (SEDAC)},
    url = {https://doi.org/10.7927/H4PG1PPM},
    address = {Palisades, NY}
}

@misc{growup,
    title = {{GROWup - Geographical Research On War, Unified Platform}},
    year = {2015},
    author = {Girardin, Luc and Hunziker, Philipp and Cederman, Lars-Erik and Vogt, Manuel},
    url = {http://growup.ethz.ch/},
    institution = {ETH Zurich}
}

@book{van2012heavenly,
    title = {{Heavenly mathematics: The forgotten art of spherical trigonometry}},
    year = {2012},
    author = {Van Brummelen, Glen},
    publisher = {Princeton University Press}
}

@article{Hansen850,
    title = {{High-Resolution Global Maps of 21st-Century Forest Cover Change}},
    year = {2013},
    journal = {Science},
    author = {Hansen, M C and Potapov, P V and Moore, R and Hancher, M and Turubanova, S A and Tyukavina, A and Thau, D and Stehman, S V and Goetz, S J and Loveland, T R and Kommareddy, A and Egorov, A and Chini, L and Justice, C O and Townshend, J R G},
    number = {6160},
    pages = {850--853},
    volume = {342},
    publisher = {American Association for the Advancement of Science},
    url = {http://science.sciencemag.org/content/342/6160/850},
    doi = {10.1126/science.1244693},
    issn = {0036-8075}
}

@misc{usaid2015,
    title = {{Higher Education Solutions Network - Bi-Annual Report (FY2015)}},
    year = {2015},
    author = {{USAID}},
    url = {http://pdf.usaid.gov/pdf_docs/PA00KSXN.pdf}
}

@misc{cgiarsrtm,
    title = {{Hole-filled SRTM for the globe Version 4,}},
    year = {2008},
    author = {Jarvis, A and Reuter, H I and Nelson, A and Guevara, E},
    url = {http://srtm.csi.cgiar.org}
}

@misc{truebridge_satellites,
    title = {{How Satellite And Imaging Technologies Are Changing The World As We Know It}},
    year = {2016},
    author = {{TrueBridge Capital}},
    month = {5},
    url = {https://www.forbes.com/sites/truebridge/2016/05/06/how-imaging-technologies-are-changing-the-world-part-1/#7d9d40834767}
}

@incollection{Yosinski2014HowTA,
    title = {{How transferable are features in deep neural networks?}},
    year = {2014},
    booktitle = {Advances in Neural Information Processing Systems 27},
    author = {Yosinski, Jason and Clune, Jeff and Bengio, Yoshua and Lipson, Hod},
    editor = {Ghahramani, Z and Welling, M and Cortes, C and Lawrence, N D and Weinberger, K Q},
    pages = {3320--3328},
    publisher = {Curran Associates, Inc.},
    url = {http://papers.nips.cc/paper/5347-how-transferable-are-features-in-deep-neural-networks.pdf}
}

@misc{zonalstats,
    title = {{How Zonal Statistics works}},
    year = {2016},
    author = {{ESRI}},
    url = {http://desktop.arcgis.com/en/arcmap/10.3/tools/spatial-analyst-toolbox/h-how-zonal-statistics-works.htm},
    institution = {ESRI}
}

@misc{ibmkc,
    title = {{IBM Knowledge Center- Geographic coordinate system}},
    year = {2018},
    author = {{IBM Product Publications}},
    month = {3},
    url = {https://www.ibm.com/support/knowledgecenter/en/SSEPEK_11.0.0/spatl/src/tpc/spatl_csb3022a.html}
}

@misc{28075_2018,
    title = {{ICEWS Coded Event Data}},
    year = {2018},
    author = {Boschee, Elizabeth and Lautenschlager, Jennifer and O'Brien, Sean and Shellman, Steve and Starz, James and Ward, Michael},
    publisher = {Harvard Dataverse},
    url = {http://dx.doi.org/10.7910/DVN/28075},
    doi = {10.7910/DVN/28075}
}

@misc{Redman2018,
    title = {{If Your Data Is Bad, Your Machine Learning Tools Are Useless}},
    year = {2018},
    author = {Redman, Thomas C},
    publisher = {Harvard Business Review},
    url = {https://hbr.org/2018/04/if-your-data-is-bad-your-machine-learning-tools-are-useless}
}

@article{krizhevsky2012imagenet,
    title = {{Imagenet classification with deep convolutional neural networks}},
    year = {2012},
    journal = {Advances in neural information processing systems},
    author = {Krizhevsky, Alex and Sutskever, Ilya and Hinton, Geoffrey E},
    number = {6},
    month = {5},
    pages = {1097--1105},
    volume = {60},
    publisher = {ACM},
    url = {http://doi.acm.org/10.1145/3065386},
    address = {New York, NY, USA},
    doi = {10.1145/3065386},
    issn = {0001-0782}
}

@inproceedings{deng2009imagenet,
    title = {{Imagenet: A large-scale hierarchical image database}},
    year = {2009},
    booktitle = {Computer Vision and Pattern Recognition, 2009. CVPR 2009. IEEE Conference on},
    author = {Deng, Jia and Dong, Wei and Socher, Richard and Li, Li-Jia and Li, Kai and Fei-Fei, Li},
    pages = {248--255},
    organization = {Ieee}
}

@article{eck_conflict_data,
    title = {{In data we trust? A comparison of UCDP GED and ACLED conflict events datasets}},
    year = {2012},
    journal = {Cooperation and Conflict},
    author = {Eck, Kristine},
    number = {1},
    month = {3},
    pages = {124--141},
    volume = {47},
    doi = {10.1177/0010836711434463},
    issn = {00108367},
    keywords = {armed conflict, civil war, conflict data, events data, geocoding, geographic study of war}
}

@article{Benyishay2017amazon,
    title = {{Indigenous land rights and deforestation: Evidence from the Brazilian Amazon}},
    year = {2017},
    journal = {Journal of Environmental Economics and Management},
    author = {BenYishay, Ariel and Heuser, Silke and Runfola, Daniel and Trichler, Rachel},
    number = {C},
    pages = {29--47},
    volume = {86},
    url = {https://ideas.repec.org/a/eee/jeeman/v86y2017icp29-47.html},
    doi = {10.1016/j.jeem.2017.05.00},
    keywords = {Q23; Q15; O13; H41; Land tenure; Forest cover; Sat}
}

@inproceedings{Oshri,
    title = {{Infrastructure Quality Assessment in Africa Using Satellite Imagery and Deep Learning}},
    year = {2018},
    booktitle = {Proceedings of the 24th ACM SIGKDD International Conference on Knowledge Discovery {\&}{\#}38; Data Mining},
    author = {Oshri, Barak and Hu, Annie and Adelson, Peter and Chen, Xiao and Dupas, Pascaline and Weinstein, Jeremy and Burke, Marshall and Lobell, David and Ermon, Stefano},
    pages = {616--625},
    series = {KDD '18},
    publisher = {ACM},
    url = {http://doi.acm.org/10.1145/3219819.3219924},
    isbn = {978-1-4503-5552-0},
    doi = {10.1145/3219819.3219924},
    keywords = {applied computing, computer vision, computing methodologies, economics, neural networks}
}

@misc{ipums,
    title = {{Integrated Public Use Microdata Series, International: Version 6.4}},
    year = {2015},
    author = {{Minnesota Population Center}},
    pages = {--},
    publisher = {Minneapolis, MN: University of Minnesota},
    doi = {10.18128/d020.v6.4}
}

@misc{imf_gdds,
    title = {{International Monetary Fund’s (IMF) General Data Dissemination System (GDDS)}},
    year = {2018},
    author = {{IMF}},
    url = {https://www.imf.org/en/Data}
}

@article{Singh2014,
    title = {{Interpolation Of Data Gaps Of SLC-Off Landsat ETM+ Images Using Algorithm Based On The Differential Operators}},
    year = {2014},
    journal = {Journal of Applied Computer Science Methods},
    author = {Singh, Raghvendra and Prasad, P Rama Chandra},
    number = {2},
    pages = {93--100},
    volume = {6},
    url = {https://content.sciendo.com/view/journals/jacsm/6/2/article-p93.xml}
}

@article{doi:10.1177/0022343310378914,
    title = {{Introducing ACLED: An Armed Conflict Location and Event Dataset: Special Data Feature}},
    year = {2010},
    journal = {Journal of Peace Research},
    author = {Raleigh, Clionadh and Linke, Andrew and Hegre, Håvard and Karlsen, Joakim},
    number = {5},
    pages = {651--660},
    volume = {47},
    url = {https://doi.org/10.1177/0022343310378914},
    doi = {10.1177/0022343310378914}
}

@article{doi:10.1177/0022343313484347,
    title = {{Introducing the UCDP Georeferenced Event Dataset}},
    year = {2013},
    journal = {Journal of Peace Research},
    author = {Sundberg, Ralph and Melander, Erik},
    number = {4},
    pages = {523--532},
    volume = {50},
    url = {https://doi.org/10.1177/0022343313484347},
    doi = {10.1177/0022343313484347}
}

@misc{landsat7,
    title = {{Landsat 7}},
    year = {2018},
    author = {{USGS}},
    url = {https://www.usgs.gov/land-resources/nli/landsat/landsat-7}
}

@misc{landsatbands,
    title = {{Landsat Band Specifications}},
    year = {2018},
    author = {{USGS}},
    url = {https://www.usgs.gov/faqs/what-are-band-designations-landsat-satellites}
}

@misc{landsatcollections,
    title = {{Landsat Collections}},
    year = {2018},
    author = {{USGS}},
    url = {https://www.usgs.gov/land-resources/nli/landsat/landsat-collection-1}
}

@misc{landsat_missiosn,
    title = {{Landsat Satellite Missions}},
    year = {2019},
    author = {{USGS}},
    url = {https://www.usgs.gov/land-resources/nli/landsat/landsat-satellite-missions?qt-science_support_page_related_con=2#qt-science_support_page_related_con}
}

@inproceedings{karpathy2014large,
    title = {{Large-scale video classification with convolutional neural networks}},
    year = {2014},
    booktitle = {Proceedings of the IEEE conference on Computer Vision and Pattern Recognition},
    author = {Karpathy, Andrej and Toderici, George and Shetty, Sanketh and Leung, Thomas and Sukthankar, Rahul and Fei-Fei, Li},
    pages = {1725--1732}
}

@article{farabet2013learning,
    title = {{Learning hierarchical features for scene labeling}},
    year = {2013},
    journal = {IEEE transactions on pattern analysis and machine intelligence},
    author = {Farabet, Clement and Couprie, Camille and Najman, Laurent and LeCun, Yann},
    number = {8},
    pages = {1915--1929},
    volume = {35},
    publisher = {IEEE}
}

@misc{ltdr,
    title = {{Long Term Data Record}},
    year = {2017},
    author = {{NASA}},
    url = {https://ltdr.modaps.eosdis.nasa.gov/cgi-bin/ltdr/ltdrPage.cgi?fileName=products}
}

@unpublished{wbg_myanmar,
    title = {{Macroeconomics {\&} Fiscal Management. Myanmar Economic Monitor}},
    year = {2017},
    author = {{World Bank Group}},
    url = {http://www.academia.edu/35139152/MYANMAR_ECONOMIC_FORECAST_ANALYSIS_2017-2020}
}

@book{usgsprojections,
    title = {{Manual of geographic information systems}},
    year = {2009},
    author = {Madden, Marguerite and for Photogrammetry, American Society and Sensing, Remote},
    publisher = {Bethesda, Md. : American Society for Photogrammetry and Remote Sensing},
    isbn = {157083086X}
}

@inproceedings{Steele2017MappingPU,
    title = {{Mapping poverty using mobile phone and satellite data}},
    year = {2017},
    booktitle = {Journal of the Royal Society, Interface},
    author = {Steele, Jessica E and Sunds{\textbackslash}oy, Pål Roe and Pezzulo, Carla and Alegana, Victor A and Bird, Tomas J and Blumenstock, Joshua Evan and Bjelland, Johannes and Eng{\o}-Monsen, Kenth and de Montjoye, Yves-Alexandre and Iqbal, Asif M and Hadiuzzaman, Khandakar N and Lu, Xin and Wetter, Erik and Tatem, Andrew J and Bengtsson, Linus}
}

@article{henderson2012,
    title = {{Measuring Economic Growth from Outer Space}},
    year = {2012},
    journal = {American Economic Review},
    author = {Henderson, J Vernon and Storeygard, Adam and Weil, David N},
    number = {2},
    month = {4},
    pages = {994--1028},
    volume = {102},
    url = {http://www.aeaweb.org/articles?id=10.1257/aer.102.2.994},
    doi = {10.1257/aer.102.2.994}
}

@article{runfola,
    title = {{Migration, climate, and international aid: examining evidence of satellite, aid, and micro-census data}},
    year = {2016},
    journal = {Migration and Development},
    author = {Runfola, D and Napier, A}
}

@misc{modis,
    title = {{MODIS}},
    year = {2018},
    author = {{NASA}},
    url = {https://modis.gsfc.nasa.gov/}
}

@misc{mongodb,
    title = {{MongoDB}},
    year = {2018},
    author = {{MongoDB}},
    url = {http://mongodb.com},
    institution = {MongoDB}
}

@article{coghlan_drc_survey_conflict,
    title = {{Mortality in the Democratic Republic of Congo: A nationwide survey}},
    year = {2006},
    journal = {Lancet},
    author = {Coghlan, Benjamin and Brennan, Richard J. and Ngoy, Pascal and Dofara, David and Otto, Brad and Clements, Mark and Stewart, Tony},
    number = {9504},
    month = {1},
    pages = {44--51},
    volume = {367},
    publisher = {Elsevier Limited},
    doi = {10.1016/S0140-6736(06)67923-3},
    issn = {01406736}
}

@misc{earthdata,
    title = {{NASA Earthdata}},
    year = {2017},
    author = {{NASA}},
    url = {https://earthdata.nasa.gov/}
}

@misc{nepal,
    title = {{Nepal v1.4.1 Geocoded Dataset}},
    year = {2016},
    author = {{AidData}},
    url = {http://aiddata.org/research-datasets}
}

@misc{fews_nigeria_sept2019,
    title = {{Nigeria Famine Early Warning Systems Network September 2019}},
    year = {2019},
    author = {{FEWS}},
    url = {https://fews.net/west-africa/nigeria/key-message-update/september-2019-0}
}

@misc{nigeria_conflict_profile,
    title = {{Nigeria: Conflict Profile}},
    year = {2017},
    author = {{Peace-Insight}},
    url = {https://www.peaceinsight.org/conflicts/nigeria/}
}

@article{10.1371/journal.pone.0139779,
    title = {{Night-Time Light Data: A Good Proxy Measure for Economic Activity?}},
    year = {2015},
    journal = {PLOS ONE},
    author = {Mellander, Charlotta and Lobo, José and Stolarick, Kevin and Matheson, Zara},
    number = {10},
    pages = {1--18},
    volume = {10},
    publisher = {Public Library of Science},
    url = {https://doi.org/10.1371/journal.pone.0139779},
    doi = {10.1371/journal.pone.0139779}
}

@misc{RePEc:ces:ceswps:_6555,
    title = {{Nighttime Lights as a Proxy for Human Development at the Local Level}},
    year = {2017},
    author = {Bruederle, Anna and Hodler, Roland},
    number = {6555},
    url = {https://ideas.repec.org/p/ces/ceswps/_6555.html},
    institution = {CESifo Group Munich}
}

@article{BLASCHKE20102,
    title = {{Object based image analysis for remote sensing}},
    year = {2010},
    journal = {ISPRS Journal of Photogrammetry and Remote Sensing},
    author = {Blaschke, T},
    number = {1},
    pages = {2--16},
    volume = {65},
    url = {http://www.sciencedirect.com/science/article/pii/S0924271609000884},
    doi = {https://doi.org/10.1016/j.isprsjprs.2009.06.004},
    issn = {0924-2716},
    keywords = {GEOBIA, GIScience, Multiscale image analysis, OBIA, Object based image analysis}
}

@article{HUANG2011165,
    title = {{Optimizing grid computing configuration and scheduling for geospatial analysis: An example with interpolating DEM}},
    year = {2011},
    journal = {Computers {\&} Geosciences},
    author = {Huang, Qunying and Yang, Chaowei},
    number = {2},
    pages = {165--176},
    volume = {37},
    url = {http://www.sciencedirect.com/science/article/pii/S0098300410002621},
    doi = {https://doi.org/10.1016/j.cageo.2010.05.015},
    issn = {0098-3004},
    keywords = {DEM interpolation, Geospatial cyberinfrastructure, Grid computing, HPC, Scheduling, System performance}
}

@techreport{Goodman2016OverviewGeoFramework,
    title = {{Overview of the GeoFramework}},
    year = {2016},
    author = {Goodman, S and BenYishay, A and Runfola, D},
    pages = {1},
    publisher = {AidData},
    url = {www.geoquery.org},
    institution = {William and Mary},
    address = {Williamsburg, VA},
    doi = {10.13140/rg.2.2.28363.59686}
}

@article{gps,
    title = {{Positional accuracy of assisted gps data from high-sensitivity gps-enabled mobile phones}},
    year = {2011},
    journal = {The Journal of Navigation},
    author = {{Zandbergen} and Barbeau, S J},
    pages = {381–399},
    volume = {64}
}

@misc{povertyfromspace,
    title = {{Poverty from space : using high-resolution satellite imagery for estimating economic well-being}},
    year = {2017},
    author = {Engstrom, Ryan and Hersh, Jonathan Samuel and Newhouse, David Locke},
    volume = {Policy Res},
    publisher = {Paper is funded by the Strategic Research Program (SRP). Washington, D.C. : World Bank Group},
    url = {http://documents.worldbank.org/curated/en/610771513691888412/Poverty-from-space-using-high-resolution-satellite-imagery-for-estimating-economic-well-being}
}

@article{Babenko2017PovertyMU,
    title = {{Poverty Mapping Using Convolutional Neural Networks Trained on High and Medium Resolution Satellite Images, With an Application in Mexico}},
    year = {2017},
    journal = {CoRR},
    author = {Babenko, Boris and Hersh, Jonathan and Newhouse, David and Ramakrishnan, Anusha and Swartz, Tom},
    volume = {abs/1711.0}
}

@article{Perez2017PovertyPW,
    title = {{Poverty Prediction with Public Landsat 7 Satellite Imagery and Machine Learning}},
    year = {2017},
    journal = {CoRR},
    author = {Perez, Anthony and Yeh, Christopher and Azzari, George and Burke, Marshall and Lobell, David B and Ermon, Stefano},
    volume = {abs/1711.0}
}

@misc{cederman_prediction_2017,
    title = {{Predicting armed conflict: Time to adjust our expectations?}},
    year = {2017},
    booktitle = {Science},
    author = {Cederman, Lars Erik and Weidmann, Nils B.},
    number = {6324},
    month = {2},
    pages = {474--476},
    volume = {355},
    publisher = {American Association for the Advancement of Science},
    doi = {10.1126/science.aal4483},
    issn = {10959203}
}

@unpublished{duanpoverty,
    title = {{Predicting Poverty with Satellite Imagery in Bangladesh and India}},
    year = {2017},
    author = {Duan, Tony and Chartock, Elliott and Ishfaq, Haque and Novosad, Paul and Asher, Sam and Burke, Marshall and Lobell, David and Ermon, Stefano}
}

@article{prio,
    title = {{PRIO-GRID: A unified spatial data structure}},
    year = {2012},
    journal = {Journal of Peace Research},
    author = {Tollefsen, Andreas Forø and Strand, Håvard and Buhaug, Halvard},
    number = {2},
    pages = {363--374},
    volume = {49},
    url = {grid.prio.org},
    doi = {10.1177/0022343311431287}
}

@misc{qgis,
    title = {{QGIS Geographic Information System. Open Source Geospatial Foundation Project}},
    year = {2016},
    author = {Team, QGIS Development},
    url = {http://www.qgis.org/}
}

@inproceedings{10.1007/978-3-319-71273-4_17,
    title = {{Quantifying Heterogeneous Causal Treatment Effects in World Bank Development Finance Projects}},
    year = {2017},
    booktitle = {Machine Learning and Knowledge Discovery in Databases},
    author = {Zhao, Jianing and Runfola, Daniel M and Kemper, Peter},
    pages = {204--215},
    publisher = {Springer International Publishing},
    url = {https://link.springer.com/chapter/10.1007/978-3-319-71273-4_17},
    address = {Cham},
    isbn = {978-3-319-71273-4}
}

@misc{raster,
    title = {{raster: Geographic Data Analysis and Modeling. R package version 2.5-2}},
    year = {2015},
    author = {Hijmans, R J},
    url = {http://cran.r-project.org/package=raster}
}

@misc{rasterstats,
    title = {{rasterstats: Summarize geospatial raster datasets based on vector geometries. Python package version 0.10.3}},
    year = {2016},
    author = {Perry, M},
    url = {https://pypi.python.org/pypi/rasterstats/0.10.3}
}

@article{Zeng2013,
    title = {{Recovering missing pixels for Landsat ETM+ SLC-off imagery using multi-temporal regression analysis and a regularization method}},
    year = {2013},
    journal = {Remote Sensing of Environment},
    author = {Zeng, Chao and Shen, Huanfeng and Zhang, Liangpei},
    pages = {182--194},
    volume = {131},
    url = {http://www.sciencedirect.com/science/article/pii/S0034425712004786},
    doi = {https://doi.org/10.1016/j.rse.2012.12.012},
    issn = {0034-4257},
    keywords = {ETM+, Gap filling, SLC-off}
}

@article{jensen1999remote,
    title = {{Remote sensing of urban/suburban infrastructure and socio-economic attributes}},
    year = {1999},
    journal = {Photogrammetric engineering and remote sensing},
    author = {Jensen, John R and Cowen, Dave C},
    pages = {611--622},
    volume = {65},
    publisher = {ASPRS AMERICAN SOCIETY FOR PHOTOGRAMMETRY AND}
}

@misc{planetlabs,
    title = {{Results from the planet labs flock constellation}},
    year = {2014},
    author = {Boshuizen, C and Mason, J and Klupar, P and Spanhake, S},
    url = {http://digitalcommons.usu.edu/cgi/viewcontent.cgi?article=3016&context=smallsat}
}

@article{Kim2016,
    title = {{Role of spatial tools in public health policymaking of Bangladesh: opportunities and challenges}},
    year = {2016},
    journal = {Journal of Health, Population and Nutrition},
    author = {Kim, Dohyeong and Sarker, Malabika and Vyas, Priyanka},
    number = {1},
    month = {2},
    pages = {8},
    volume = {35},
    url = {https://doi.org/10.1186/s41043-016-0045-1},
    doi = {10.1186/s41043-016-0045-1},
    issn = {2072-1315}
}

@misc{sentinel,
    title = {{Sentinel}},
    year = {2018},
    author = {{ESA}},
    url = {https://sentinel.esa.int/web/sentinel/home}
}

@inproceedings{sentinel1,
    title = {{Sentinel-1 System capabilities and applications}},
    year = {2014},
    booktitle = {International Geoscience and Remote Sensing Symposium (IGARSS)},
    author = {Geudtner, Dirk and Torres, Ramon and Snoeij, Paul and Davidson, Malcolm and Rommen, Bjorn},
    month = {11},
    pages = {1457--1460},
    publisher = {Institute of Electrical and Electronics Engineers Inc.},
    isbn = {9781479957750},
    doi = {10.1109/IGARSS.2014.6946711},
    keywords = {InSAR, SAR, Sentinel-1, TOPS}
}

@article{sentinel2,
    title = {{Sentinel-2: ESA's Optical High-Resolution Mission for GMES Operational Services}},
    year = {2012},
    journal = {Remote Sensing of Environment},
    author = {Drusch, M. and Del Bello, U. and Carlier, S. and Colin, O. and Fernandez, V. and Gascon, F. and Hoersch, B. and Isola, C. and Laberinti, P. and Martimort, P. and Meygret, A. and Spoto, F. and Sy, O. and Marchese, F. and Bargellini, P.},
    month = {5},
    pages = {25--36},
    volume = {120},
    isbn = {9789290922711},
    doi = {10.1016/j.rse.2011.11.026},
    issn = {00344257},
    keywords = {GMES, Land cover classification, Optical multi-spectral instrument, Remote sensing, Sentinel-2}
}

@article{shapesonaplane,
    title = {{Shapes on a plane: evaluating the impact of projection distortion on spatial binning}},
    year = {2017},
    journal = {Cartography and Geographic Information Science},
    author = {Battersby, Sarah E and Strebe, Daniel “daan” and Finn, Michael P},
    number = {5},
    pages = {410--421},
    volume = {44},
    publisher = {Taylor {\&} Francis},
    url = {https://doi.org/10.1080/15230406.2016.1180263},
    doi = {10.1080/15230406.2016.1180263}
}

@misc{nasasrtm,
    title = {{Shuttle-Radar Topography Mission}},
    year = {2000},
    author = {{NASA}},
    url = {http://www2.jpl.nasa.gov/srtm/}
}

@misc{slcgapfill_phaseone,
    title = {{SLC Gap-Filled Products - Phase One Methodology}},
    year = {2004},
    author = {Scaramuzza, Pat and Micijevic, Esad and Chander, Gyanesh},
    url = {https://www.usgs.gov/media/files/landsat-7-slc-gap-filled-products-phase-one-methodology}
}

@misc{slcproducts,
    title = {{SLC-off Products: Background}},
    year = {2018},
    author = {{USGS}},
    url = {https://www.usgs.gov/media/files/landsat-7-scan-line-corrector-processing-algorithm-theoretical-basis}
}

@article{doi:10.1080/03050629.2012.697426,
    title = {{Social Conflict in Africa: A New Database}},
    year = {2012},
    journal = {International Interactions},
    author = {Salehyan, Idean and Hendrix, Cullen S and Hamner, Jesse and Case, Christina and Linebarger, Christopher and Stull, Emily and Williams, Jennifer},
    number = {4},
    pages = {503--511},
    volume = {38},
    publisher = {Routledge},
    url = {https://doi.org/10.1080/03050629.2012.697426},
    doi = {10.1080/03050629.2012.697426}
}

@article{burkemortality,
    title = {{Sources of variation in under-5 mortality across sub-Saharan Africa: a spatial analysis}},
    year = {2016},
    journal = {The Lancet Global Health},
    author = {Burke, Marshall and Heft-Neal, Sam and Bendavid, Eran},
    number = {12},
    volume = {4}
}

@article{Malvarez2015,
    title = {{Spatial data and its importance for the implementation of UNEP MAP ICZM Protocol for the Mediterranean}},
    year = {2015},
    journal = {Journal of Coastal Conservation},
    author = {Malv{\'{a}}rez, Gonzalo C and Pintado, Emilia G and Navas, Fátima and Giordano, Alessandro},
    number = {5},
    month = {10},
    pages = {633--641},
    volume = {19},
    url = {https://doi.org/10.1007/s11852-015-0372-1},
    doi = {10.1007/s11852-015-0372-1},
    issn = {1874-7841}
}

@misc{sdicookbook2012,
    title = {{Spatial Data Infrastructure Cookbook}},
    year = {2012},
    author = {{GSDI}},
    url = {http://gsdiassociation.org/index.php/publications/sdi-cookbooks.html}
}

@misc{Rajabifard2001,
    title = {{Spatial data infrastructures: concept, SDI hierarchy and future directions}},
    year = {2001},
    author = {Rajabifard, A and Williamson, I P},
    number = {Proceedings, of GEOMATICS'80 Conference},
    url = {http://hdl.handle.net/11343/33897}
}

@misc{starspan,
    title = {{StarSpan: A Tool for Fast Selective Pixel Extraction from Remotely Sensed Data}},
    year = {2005},
    author = {Rueda, C and Greenberg, J and Ustin, S},
    institution = {Center for Spatial Technologies and Remote Sensing (CSTARS), University of California at Davis}
}

@misc{nigeria_herdmen_farmer_conflict,
    title = {{Stopping Nigeria’s Spiralling Farmer-Herder Violence}},
    year = {2018},
    author = {{International Crisis Group}},
    url = {https://www.crisisgroup.org/africa/west-africa/nigeria/262-stopping-nigerias-spiralling-farmer-herder-violence}
}

@misc{brookings_surveys,
    title = {{Stuffing data gaps with dollars: What will it cost to close the data deficit in poor countries?}},
    year = {2015},
    author = {Chandy, Laurence and Zhang, Christine},
    publisher = {Brookings},
    url = {https://www.brookings.edu/opinions/stuffing-data-gaps-with-dollars-what-will-it-cost-to-close-the-data-deficit-in-poor-countries/}
}

@unpublished{wp18,
    title = {{Sub-national Perspectives on Aid Effectiveness: Impact of Aid on Health Outcomes in Uganda}},
    year = {2015},
    author = {Odokonyero, Tonny and Ijjo, Alex and Marty, Robert and Muhumuza, Tony and Moses, Godfrey Owot},
    url = {http://docs.aiddata.org/ad4/files/wps18_sub-national_perspectives_on_aid_effectiveness.pdf}
}

@misc{aiddataworldbank,
    title = {{Subnationally Geocoded World Bank IBRD-IDA Projects}},
    year = {2017},
    author = {{AidData}},
    url = {http://aiddata.org/datasets}
}

@misc{landsat7_end,
    title = {{Successful Maneuver Spells Beginning of the End for Landsat 7}},
    year = {2017},
    author = {{USGS}},
    url = {https://www.usgs.gov/news/successful-maneuver-spells-beginning-end-landsat-7}
}

@article{desai2012survey,
    title = {{Survey on gap filling in satellite images and inpainting algorithm}},
    year = {2012},
    journal = {International Journal of Computer Theory and Engineering},
    author = {Desai, Manali and Ganatra, Amit},
    number = {3},
    pages = {341},
    volume = {4},
    publisher = {IACSIT Press}
}

@article{Colglazier2015SustainableDA,
    title = {{Sustainable development agenda: 2030}},
    year = {2015},
    journal = {Science},
    author = {Colglazier, William},
    pages = {1048--1050},
    volume = {349}
}

@article{Martye000129,
    title = {{Taking the health aid debate to the subnational level: the impact and allocation of foreign health aid in Malawi}},
    year = {2017},
    journal = {BMJ Global Health},
    author = {Marty, Robert and Dolan, Carrie B and Leu, Matthias and Runfola, Daniel},
    number = {1},
    volume = {2},
    publisher = {BMJ Specialist Journals},
    url = {http://gh.bmj.com/content/2/1/e000129},
    doi = {10.1136/bmjgh-2016-000129}
}

@inproceedings{Rastogi2017TemporalPP,
    title = {{Temporal Poverty Prediction In Developing Countries}},
    year = {2017},
    author = {Rastogi, Ruchir}
}

@unpublished{Chen2017TPP,
    title = {{Temporal Poverty Prediction using Satellite Imagery}},
    year = {2017},
    author = {Chen, Derek}
}

@article{terrapop2015,
    title = {{Terra Populus: Workflows for Integrating and Harmonizing Geospatial Population and Environmental Data}},
    year = {2015},
    journal = {Journal of Map and Geography Libraries},
    author = {Kugler, T A and Van Riper, D C and Manson, S M and Haynes, D A and Donato, J and Stinebaugh, K},
    number = {2},
    pages = {180--206},
    volume = {11},
    url = {http://www.terrapop.org},
    doi = {10.1080/15420353.2015.1036484}
}

@article{terrapop2017,
    title = {{Terra Populus’ architecture for integrated big geospatial services}},
    journal = {Transactions in GIS},
    author = {Haynes, David and Manson, Steve and Shook, Eric},
    number = {3},
    pages = {546--559},
    volume = {21},
    url = {https://onlinelibrary.wiley.com/doi/abs/10.1111/tgis.12286},
    doi = {10.1111/tgis.12286}
}

@misc{udeltemp2014,
    title = {{Terrestrial Air Temperature: 1900-2014 Gridded Monthly Time Series}},
    year = {2015},
    author = {Matsuura, K and Willmott, C J},
    url = {http://climate.geog.udel.edu/~climate/html_pages/download.html#T2014}
}

@misc{udelprecip2014,
    title = {{Terrestrial Precipitation: 1900-2014 Gridded Monthly Time Series}},
    year = {2015},
    author = {Matsuura, K and Willmott, C J},
    url = {http://climate.geog.udel.edu/~climate/html_pages/download.html#P2014}
}

@misc{rfc7946,
    title = {{The GeoJSON Format}},
    year = {2016},
    author = {Butler, H and Daly, M and Doyle, A and Gillies, S and Hagen, S and Schaub, T},
    number = {7946},
    month = {8},
    pages = {1--28},
    series = {Internet Request for Comments},
    publisher = {RFC Editor},
    url = {https://www.rfc-editor.org/rfc/rfc7946.txt},
    howpublished = {RFC 7946 (Proposed Standard)},
    institution = {RFC Editor},
    address = {Fremont, CA, USA},
    doi = {10.17487/RFC7946},
    issn = {2070-1721},
    keywords = {Geospatial, JSON, JavaScript Object Notation}
}

@article{dolan_bednets,
    title = {{The impact of an insecticide treated bednet campaign on all-cause child mortality: A geospatial impact evaluation from the Democratic Republic of Congo}},
    year = {2019},
    journal = {PLoS ONE},
    author = {Dolan, Carrie B. and BenYishay, Ariel and Gr{\'{e}}pin, Karen A. and Tanner, Jeffery C. and Kimmel, April D. and Wheeler, David C. and McCord, Gordon C.},
    number = {2},
    month = {2},
    volume = {14},
    publisher = {Public Library of Science},
    doi = {10.1371/journal.pone.0212890},
    issn = {19326203}
}

@unpublished{wp20,
    title = {{The Impacts of World Bank Development Projects on Sites of High Biodiversity Importance}},
    year = {2016},
    author = {Buchanan, Graeme M and Parks, Bradley C and Donald, Paul F and O'Donnell, Brian F and Runfola, Daniel and Swaddle, John P and Tracewski, Lukasz and Butchart, Stuart H M},
    url = {http://aiddata.org/sites/default/files/wps20_world_bank_biodiversity_0.pdf}
}

@misc{rfc7159,
    title = {{The JavaScript Object Notation (JSON) Data Interchange Format}},
    year = {2014},
    author = {Bray, Tim},
    number = {7159},
    month = {3},
    series = {Request for Comments},
    publisher = {RFC Editor},
    url = {https://rfc-editor.org/rfc/rfc7159.txt},
    howpublished = {RFC 7159},
    doi = {10.17487/RFC7159}
}

@article{findley2011,
    title = {{The Localized Geography of Foreign Aid: A New Dataset and Application to Violent Armed Conflict}},
    year = {2011},
    journal = {World Development},
    author = {Findley, Michael G and Powell, Josh and Strandow, Daniel and Tanner, Jeff},
    number = {11},
    pages = {1995--2009},
    volume = {39},
    url = {http://www.sciencedirect.com/science/article/pii/S0305750X11001975},
    doi = {https://doi.org/10.1016/j.worlddev.2011.07.022},
    issn = {0305-750X},
    keywords = {Angola, Mozambique, Sierra Leone, foreign aid, geocoding, intrastate armed conflict}
}

@article{openshaw_maup,
    title = {{The Modifiable Areal Unit Problem}},
    year = {1984},
    journal = {Concepts and Techniques in Modern Geography},
    author = {Openshaw, S},
    publisher = {Geobooks},
    url = {https://ci.nii.ac.jp/naid/10024464407/en/}
}

@article{Irons2012,
    title = {{The next Landsat satellite: The Landsat Data Continuity Mission}},
    year = {2012},
    journal = {Remote Sensing of Environment},
    author = {Irons, James R and Dwyer, John L and Barsi, Julia A},
    pages = {11--21},
    volume = {122},
    url = {http://www.sciencedirect.com/science/article/pii/S0034425712000363},
    doi = {https://doi.org/10.1016/j.rse.2011.08.026},
    issn = {0034-4257},
    keywords = {Earth Resources Science and Observation Center, Goddard Space Flight Center, Landsat Data Continuity Mission, National Aeronautics and Space Administration, Operational Land Imager, Thermal Infrared Sensor, United States Geological Survey}
}

@unpublished{wp5,
    title = {{The Political Economy of Aid Allocation in Africa: Evidence from Zambia}},
    year = {2015},
    author = {Masaki, Takaaki},
    url = {http://docs.aiddata.org/ad4/files/wps5_the_political_economy_of_aid_allocation_in_africa_evidence_from_zambia.pdf}
}

@techreport{bazzi_pitfalls_prediction_2019,
    title = {{The Promise and Pitfalls of Conflict Prediction: Evidence from Colombia and Indonesia}},
    year = {2019},
    author = {Bazzi, Samuel and Blair, Robert A and Blattman, Christopher and Dube, Oeindrila and Gudgeon, Matthew and Merton Peck, Richard},
    url = {http://www.nber.org/papers/w25980},
    institution = {The National Bureau of Economic Research},
    keywords = {Development Economics, Political Economy}
}

@article{omar_assets,
    title = {{The relationship of household assets and amenities with child health outcomes: An exploratory cross-sectional study in India 2015–2016}},
    year = {2020},
    journal = {SSM - Population Health},
    author = {Karlsson, Omar and Kim, Rockli and Joe, William and Subramanian, S. V.},
    month = {4},
    volume = {10},
    publisher = {Elsevier Ltd},
    doi = {10.1016/j.ssmph.2019.100513},
    issn = {23528273},
    keywords = {Assets and amenities, Child health, Household wealth, India, Nutrition, Proximate determinants}
}

@article{BUNTING2014216,
    title = {{The Remote Sensing and GIS Software Library (RSGISLib)}},
    year = {2014},
    journal = {Computers {\&} Geosciences},
    author = {Bunting, Peter and Clewley, Daniel and Lucas, Richard M and Gillingham, Sam},
    pages = {216--226},
    volume = {62},
    url = {http://www.sciencedirect.com/science/article/pii/S0098300413002288},
    doi = {https://doi.org/10.1016/j.cageo.2013.08.007},
    issn = {0098-3004},
    keywords = {GIS, Open source, Raster, Remote sensing, Software, Vector}
}

@misc{wdpa,
    title = {{The World Database on Protected Areas (WDPA)}},
    year = {2016},
    author = {{IUCN} and {UNEP-WCMC}},
    url = {www.protectedplanet.net},
    address = {Cambridge, UK: UNEP-WCMC}
}

@misc{gdal,
    title = {{The {\{}GDAL/OGR{\}} Geospatial Data Abstraction software Library}},
    year = {2018},
    author = {{GDAL/OGR contributors}},
    url = {http://gdal.org},
    institution = {The Open Source Geospatial Foundation}
}

@article{Xie2016TransferLF,
    title = {{Transfer Learning from Deep Features for Remote Sensing and Poverty Mapping}},
    year = {2015},
    journal = {CoRR},
    author = {Xie, Sang Michael and Jean, Neal and Burke, Marshall and Lobell, David B and Ermon, Stefano},
    volume = {abs/1510.0},
    url = {http://arxiv.org/abs/1510.00098},
    arxivId = {1510.00098}
}

@misc{usgsearthexplorer,
    title = {{USGS EarthExplorer}},
    year = {2017},
    author = {{USGS}},
    url = {https://earthexplorer.usgs.gov/}
}

@misc{usgslandsat,
    title = {{USGS Landsat Bulk Download}},
    year = {2017},
    author = {{USGS}},
    url = {https://ers.cr.usgs.gov/login/?RET_ADDR=https%3A%2F%2Fearthexplorer.usgs.gov%2Fbulk%2F}
}

@article{Chen8589,
    title = {{Using luminosity data as a proxy for economic statistics}},
    year = {2011},
    journal = {Proceedings of the National Academy of Sciences},
    author = {Chen, Xi and Nordhaus, William D},
    number = {21},
    pages = {8589--8594},
    volume = {108},
    publisher = {National Academy of Sciences},
    url = {http://www.pnas.org/content/108/21/8589},
    doi = {10.1073/pnas.1017031108},
    issn = {0027-8424}
}

@article{Noor2008,
    title = {{Using remotely sensed night-time light as a proxy for poverty in Africa}},
    year = {2008},
    journal = {Population Health Metrics},
    author = {Noor, Abdisalan M and Alegana, Victor A and Gething, Peter W and Tatem, Andrew J and Snow, Robert W},
    number = {1},
    month = {10},
    pages = {5},
    volume = {6},
    url = {https://doi.org/10.1186/1478-7954-6-5},
    doi = {10.1186/1478-7954-6-5},
    issn = {1478-7954}
}

@unpublished{gefa,
    title = {{Value for Money Analysis for the Land Degradation Projects of the GEF}},
    year = {2016},
    author = {{GEF-IEO}},
    url = {https://www.thegef.org/sites/default/files/council-meetingdocuments/EN_GEF.ME_C.51.Inf_02_VFM Analysis for LD Projects o GEF.pdf}
}

@article{Simonyan2014VeryDC,
    title = {{Very Deep Convolutional Networks for Large-Scale Image Recognition}},
    year = {2014},
    journal = {CoRR},
    author = {Simonyan, Karen and Zisserman, Andrew},
    volume = {abs/1409.1},
    url = {http://arxiv.org/abs/1409.1556},
    arxivId = {1409.1556}
}

@misc{viirs,
    title = {{VIIRS night-time lights}},
    year = {2017},
    booktitle = {International Journal of Remote Sensing},
    author = {Elvidge, Christopher D and Baugh, Kimberly and Zhizhin, Mikhail and Hsu, Feng Chi and Ghosh, Tilottama},
    number = {21},
    pages = {5860--5879},
    volume = {38},
    publisher = {Taylor {\&} Francis},
    url = {https://doi.org/10.1080/01431161.2017.1342050},
    doi = {10.1080/01431161.2017.1342050}
}

@article{Corrado2012,
    title = {{WHERE IS THE ECONOMICS IN SPATIAL ECONOMETRICS?*}},
    year = {2012},
    journal = {Journal of Regional Science},
    author = {Corrado, Luisa and Fingleton, Bernard},
    number = {2},
    pages = {210--239},
    volume = {52},
    url = {https://onlinelibrary.wiley.com/doi/abs/10.1111/j.1467-9787.2011.00726.x},
    doi = {10.1111/j.1467-9787.2011.00726.x}
}

@article{Elvidge_2013,
    title = {{Why {\{}VIIRS{\}} data are superior to {\{}DMSP{\}} for mapping nighttime lights}},
    year = {2013},
    journal = {Proceedings of the Asia-Pacific Advanced Network},
    author = {Elvidge, Christopher D and Baugh, Kimberly E and Zhizhin, Mikhail and Hsu, Feng-Chi},
    number = {0},
    month = {6},
    pages = {62},
    volume = {35},
    publisher = {Proceedings of the Asia-Pacific Advanced Network},
    url = {https://doi.org/10.7125%2Fapan.35.7},
    doi = {10.7125/apan.35.7}
}

@article{ADAMCZYK201791,
    title = {{ZonalMetrics - a Python toolbox for zonal landscape structure analysis}},
    year = {2017},
    journal = {Computers {\&} Geosciences},
    author = {Adamczyk, Joanna and Tiede, Dirk},
    pages = {91--99},
    volume = {99},
    url = {http://www.sciencedirect.com/science/article/pii/S0098300416306586},
    doi = {https://doi.org/10.1016/j.cageo.2016.11.005},
    issn = {0098-3004},
    keywords = {ArcPy site package, Geographic Information Systems (GIS), Landscape metrics, Zonal metrics}
}

@techreport{MalteUitto2018ImprovingAnalysis,
    title = {{Improving International Development Evaluation through Geospatial Data and Analysis}},
    year = {2018},
    booktitle = {International Journal of Geospatial and Environmental Research},
    author = {Malte; Uitto, Juha and Ilari; Harten, Sven ; and Batra, Geeta ; and Anand, Anupam},
    number = {2},
    pages = {10--2018},
    volume = {5},
    keywords = {evaluation, geospatial data, policy impact, program improvement Acknowledgements}
}

@misc{LoydLandsatBands,
    title = {{Landsat 8 Bands}},
    author = {Loyd, Charlie},
    url = {https://landsat.gsfc.nasa.gov/landsat-8/landsat-8-bands/}
}

@misc{USGSLandsatDesignations,
    title = {{Landsat Band Designations}},
    author = {{USGS}},
    url = {https://www.usgs.gov/faqs/what-are-band-designations-landsat-satellites?qt-news_science_products=0#qt-news_science_products}
}

@inproceedings{Geudtner2014Sentinel-1Applications,
    title = {{Sentinel-1 System capabilities and applications}},
    year = {2014},
    booktitle = {International Geoscience and Remote Sensing Symposium (IGARSS)},
    author = {Geudtner, Dirk and Torres, Ramon and Snoeij, Paul and Davidson, Malcolm and Rommen, Bjorn},
    month = {11},
    pages = {1457--1460},
    publisher = {Institute of Electrical and Electronics Engineers Inc.},
    isbn = {9781479957750},
    doi = {10.1109/IGARSS.2014.6946711},
    keywords = {InSAR, SAR, Sentinel-1, TOPS}
}